%%%% My attempt at a bibliography %%%%%
@inproceedings{Mairiza2010,
author = {Mairiza, Dewi and Zowghi, Didar and Nurmuliani, Nur},
year = {2010},
month = {03},
pages = {311-317},
title = {An investigation into the notion of non-functional requirements},
journal = {Proceedings of the ACM Symposium on Applied Computing},
doi = {10.1145/1774088.1774153}
}

@misc{Consort14,
  title={The DSDM Agile Project Framework, Chapter 10: MoSCoW Prioritisation},
  author={Consortium, Agile Business},
  year={2014},
  url={https://www.agilebusiness.org/dsdm-project-framework/moscow-prioririsation.html},
  urldate={2024-02-28}
}

@misc{Knaster2023, 
    title={15th state of Agile Report: Blog}, 
    author={Knaster, Richard}, 
    year={2023}, 
    url={https://digital.ai/catalyst-blog/15th-state-of-agile-report-agile-leads-the-way-through-the-pandemic-and-digital/}, 
    urldate={2024-02-26}
} 

@misc{Barrero2021,
    title = "Why Working from Home Will Stick",
    author = "Barrero, Jose Maria and Bloom, Nicholas and Davis, Steven J",
    institution = "National Bureau of Economic Research",
    type = "Working Paper",
    series = "Working Paper Series",
    number = "28731",
    year = "2021",
    month = "April",
    doi = {10.3386/w28731},
    URL = "http://www.nber.org/papers/w28731",
}

@misc{Kent2001,
    title={Principles behind the Agile Manifesto},
    author={Beck, Kent and Beedle, Mike and van Bennekum, Arie and Cockburn, Alistair and Cunningham, Ward and Fowler, Martin and Grenning, James and Highsmith, Jim and Hunt, Andrew and Jeffries, Ron and Kern, Jon and Marick, Brian and C. Martin, Robert and Mellor, Steve and Sutherland, Jeff and Thomas, Dave}, 
    year={2001}, 
    url={https://agilemanifesto.org/principles.html}
} 

@misc{Ramírez2022, 
    title={How COVID-19 pandemic affects software developers’ wellbeing, and the necessity to strengthen soft skills}, 
    url={https://www.ncbi.nlm.nih.gov/pmc/articles/PMC9767855/}, 
    journal={Programming and Computer Software}, 
    publisher={Pleiades Publishing}, 
    author={Juárez-Ramírez, Reyes and Navarro, Christian X. and Licea, Guillermo and Jiménez, Samantha and Tapia-Ibarra, Verónica and Guerra-García, César and Perez-Gonzalez, Hector G.}, 
    year={2022}
}

@misc{IBM3Tier, 
    title={What is three-tier architecture?}, 
    author={IBM}, 
    url={https://www.ibm.com/topics/three-tier-architecture}, 
    urldate={2024-02-24}
} 

@misc{Fowler2015, 
    title={Presentation domain data layering}, 
    author={Fowler, Martin}, 
    year={2015},
    url={https://martinfowler.com/bliki/PresentationDomainDataLayering.html},  urldate={2024-02-24}
} 

@misc{Postman2023,
    title={2023 State of the API Report: API technologies},
    author={Postman},
    year={2023},
    url={https://www.postman.com/state-of-api/api-technologies/#api-technologies}, 
    urldate={2024-02-24}
}

@misc{AWS,
    title={What is the Difference Between SOAP and REST?},
    author={AWS},
    url={https://aws.amazon.com/compare/the-difference-between-soap-rest/},
    urldate={2024-02-24}
} 

@misc{PostmanBlog2023, 
    title={What is a rest api? examples, uses & challenges}, 
    author={The Postman Team}, 
    year={2023},
    url={https://blog.postman.com/rest-api-examples/}, 
    urldate={2024-02-24}
} 

@misc{Wagner(Swagger), 
    title={Understanding the API-First Approach to Building Products},
    author={Wagner, Janet},
    url={https://swagger.io/resources/articles/adopting-an-api-first-approach/},
    urldate={2024-02-24}
} 

@misc{PostmanAPIFirst,
    title={Guide to API-first},
    author={Postman},
    url={https://www.postman.com/api-first/#:~:text=API%2Dfirst%2C%20also%20called%20the,of%20treating%20them%20as%20afterthoughts.},
    urldate={2024-02-24}
} 

@misc{JiraUsers,
    title={Jira Software for teams},
    author={Jira},
    url={https://www.atlassian.com/software/jira/guides/getting-started/who-uses-jira#:~:text=Jira%20Software%20launched%20in%202002,thousands%20of%20apps%20and%20integrations.},
    urldate={2024-02-29}
} 



@misc{JiraReports,
    title={Reporting in Jira Software},
    author={Jira},
    url={https://www.atlassian.com/software/jira/features/reports},
    urldate={2024-02-29}
}

@misc{JiraDevOps,
    title={Open DevOps: Keep your tools, ditch the setup},
    author={Jira},
    url={https://www.atlassian.com/solutions/devops},
    urldate={2024-02-29}
}

@misc{JiraProblemsFeatures,
    title={5 reasons why people say they hate using Jira},
    author={Hryb, Dzmitry},
    year={2019}
    url={https://deviniti.com/blog/enterprise-software/why-hate-jira/},
    urldate={2024-02-29}
}

@misc{JiraProblemsFlexible,
    title={Why Developers Hate Jira — and What Atlassian Is Doing About It},
    author={Weinberger, Matt},
    year={2023}
    url={https://thenewstack.io/why-developers-hate-jira-and-what-atlassian-is-doing-about-it/},
    urldate={2024-02-29}
}

@misc{TrelloPricing,
    title={Trello your way: Compare our plans},
    author={Trello},
    url={hhttps://trello.com/pricing},
    urldate={2024-02-29}
}



%%%%%%%%%%%%%%%%%%%%%%%%%%%%%%%%%%%%%%%%%%%%%%%%%%%%%%%%%%%%%%%%%%%%%%%%%%%%%%%
Evaluation citations
%%%%%%%%%%%%%%%%%%%%%%%%%%%%%%%%%%%%%%%%%%%%%%%%%%%%%%%%%%%%%%%%%%%%%%%%%%%%%%%
@misc{LighthouseOverview,
    title={Lighthouse Docs: Overview},
    author={Chrome for developers},
    year={2016},
    url={https://developer.chrome.com/docs/lighthouse/overview},
    urldate={2024-03-14}
}

@misc{LighthouseColourCoding,
    title={Lighthouse Performance scoring: How scores are colour coded},
    author={Chrome for developers},
    year={2019},
    url={https://developer.chrome.com/docs/lighthouse/performance/performance-scoring#color-coding},
    urldate={2024-03-14}
}

@misc{WCAGContrastGuidelines,
    title={Understanding SC 1.4.3: Contrast (Minimum) (Level AA)},
    author={Accessibility Guidelines Working Group (AG WG) Participants},
    year={2023},
    url={https://www.w3.org/WAI/WCAG21/Understanding/contrast-minimum},
    urldate={2024-03-16}
}

@misc{ReactTestingLibrary,
    title={React Testing Library},
    author={Moreno, Sergio},
    year={2022},
    url={https://testing-library.com/docs/react-testing-library/intro/},
    urldate={2024-03-16}
}

%%%%% check date on this %%%%%
@misc{NeilsenHeuristics,
    title={Enhancing the Explanatory Power of Usability Heuristics},
    author={Nielsen, Jakob},
    year={1994},
    url={https://static.aminer.org/pdf/PDF/000/089/679/enhancing_the_explanatory_power_of_usability_heuristics.pdf},
    urldate={2024-03-17}
}
